@book{McConnel,
	author = {Jeffrey J. McConnel},
	title = {Analysis Algorithms: An Active Learning Approach},
	date = {2004},
}
